<?xml version="1.0" encoding="UTF-8"?><record xmlns="http://www.loc.gov/MARC21/slim" xmlns:cinclude="http://apache.org/cocoon/include/1.0" xmlns:zs="http://www.loc.gov/zing/srw/">
  <leader>00463nz  a2200133n  4500</leader>
  <controlfield tag="001">nr 97044367 </controlfield>
  <controlfield tag="003">DLC</controlfield>
  <controlfield tag="005">19980124051629.8</controlfield>
  <controlfield tag="008">971212n| acannaab|          |a aaa     c</controlfield>
  <datafield tag="010" ind1=" " ind2=" ">
    <subfield code="a">nr 97044367 </subfield>
  </datafield>
  <datafield tag="040" ind1=" " ind2=" ">
    <subfield code="a">NNPM</subfield>
    <subfield code="c">NNPM</subfield>
  </datafield>
  <datafield tag="100" ind1="1" ind2="0">
    <subfield code="a">Vreese, A. L. de</subfield>
  </datafield>
  <datafield tag="400" ind1="1" ind2="0">
    <subfield code="a">De Vreese, A. L.</subfield>
  </datafield>
  <datafield tag="670" ind1=" " ind2=" ">
    <subfield code="a">Bulletin van de Koninklijke Nederlandse Oudheidkundige Bond, 1957:</subfield>
    <subfield code="b">Agnietenbergse verluchtkunst op de tentoonstelling Willet Holthuysen te Amsterdam, col. 21 (A.L. de Vreese)</subfield>
  </datafield>
</record>